<?xml version="1.0" encoding="UTF-8"?><collection xmlns="http://www.loc.gov/MARC21/slim"><record><leader>00426nam--2200133-i-4500</leader><controlfield tag="001">000035543</controlfield><controlfield tag="002">20161230</controlfield><controlfield tag="005">20161230201040</controlfield><controlfield tag="008">060222s1000------------r-----000-0-eng-d</controlfield><datafield ind1=" " ind2=" " tag="100"><subfield code="a">Mozzi Gian Mario</subfield></datafield><datafield ind1=" " ind2=" " tag="245"><subfield code="a">Effetti termodinamici della sovralimentazione nei motori diesel</subfield></datafield><datafield ind1=" " ind2=" " tag="260"><subfield code="a">Pisa, Bibl.Centrale Dell`Universita, 1958, 8p</subfield></datafield><datafield ind1=" " ind2=" " tag="490"><subfield code="a">Publicazioni Della Facolta D`Ingegneria Dell`Universita Di Pisa</subfield></datafield><datafield ind1=" " ind2=" " tag="852"><subfield code="a">15235</subfield></datafield></record></collection>